@article{Albe2013,
	
	Author = {K. Albe et al},
	Journal = {Mech. Mater.},
	Volume = {67}
	Pages = {94--103}
	Title = {Enhancing the plasticity of metallic glasses: {S}hear band formation, nanocomposites and nanoglasses investigated by molecular dynamics simulations}
	Year = {2013}}

@article{Adibi2013,

	Author = {S. Adibi et al},
	Journal = {Appl. Phys. Lett.},
	Volume = {103},
	Pages = {211905},
	Title = {A transition from localized shear banding to homogeneous superplastic flow in nanoglass},
	Year = {2013}}

@article{Adibi2014,

	Author = {S. Adibi et al},
	Journal = {J. Appl. Phys.},
	Volume = {116},
	Pages = {043522},
	Title = {Composition and grain size effects on the structural and mechanical properties of {C}u{Z}r nanoglasses},
	Year = {2014}}

@article{Lund2007,

	Author = {A. C. Lund et al},
	Journal = {Philos. Mag. Lett.},
	Volume = {87},
	Numpages = {8},
	Pages = {603--611},
	Title = {Critical length scales for the deformation of amorphous metals containing nanocrystals},
	Year = {2007}}

@article{Ardiani2012,

	Author = {F. Ardiani, A. Manelli et al},
	Journal = {Mec. Comput.},
	Volume = {31},
	Pages = {1437--1449},
	Title = {Atomistic simulations of amorphous metals in the elasto-plastic regime},
	Year = {2012}}

@article{Ref6,

	Author = {},
	Journal = {},
	Volume = {},
	Pages = {},
	Title = {},
	Year = {}}
